@online{github,
    author= {National Institute of Standards and Technology},
    url = {https://github.com/usnistgov/ariac},
    year = 2023,
}